@article{article,
  author  = {Sobrenome1, Nome},
  title   = {Título do artigo},
  journal = {Nome do Periódico},
  year    = {2022},
  volume  = {10},
  number  = {2},
  pages   = {123--130},
  doi     = {10.0000/exemplo},
}
@article{referencia,
  author  = {Sobrenome9, Nome},
  title   = {Título do artigo},
  journal = {Nome do Periódico},
  year    = {2022},
  volume  = {10},
  number  = {2},
  pages   = {123--130},
  doi     = {10.0000/exemplo},
}
@book{book,
  author    = {Sobrenome2, Nome},
  title     = {Título do livro},
  edition   = {2},
  publisher = {Editora Exemplo},
  location  = {São Paulo},
  year      = {2020}
}
@incollection{capitulo,
  author    = {Sobrenome3, Nome do capítulo},
  title     = {Título do capítulo},
  booktitle = {Título do livro},
  editor    =  {Sobrenome, Nome do organizador},
  publisher = {Editora Exemplo},
  location  = {São Paulo},
  pages     = {45--60},
  year      = {2023}
}
@inproceedings{congresso,
  author    =  {Sobrenome4, Nome},
  title     = {Título do trabalho},
  booktitle = {Anais do Evento Tal},
  year      = {2021},
  pages     = {55--62},
  location  = {Rio de Janeiro},
  publisher = {Associação X}
}

@phdthesis{tese,
  author =  {Sobrenome5, Nome},
  title  = {Título da tese},
  school = {Universidade Federal X},
  year   = {2022},
  type   = {Tese (Doutorado) – Programa de Pós-graduação em Música}
}
@misc{site,
  author = {{Sobrenome6}, Nome},
  title = {Título da página ou documento},
  address = {Rio de Janeiro},
  publisher = {Editora Exemplo},
  year = {2024},
  note = {Disponível em: \url{https://siteexemplo.com}. Acesso em: 10 jun. 2025.}
}

@manual{manual,
  title     = {Manual do Software Y},
  author    = {Empresa X},
  year      = {2021},
  location  = {São Paulo},
  publisher = {Editora Técnica}
}
@techreport{relatoriotecnico,
  author      =  {Sobrenome7, Nome},
  title       = {Título do relatório},
  institution = {Instituição Y},
  year        = {2020},
  location  = {Rio de Janeiro},
  number      = {Relatório Técnico n. 45}
}
@unpublished{naopublicado,
  author = {Sobrenome8, Nome},
  title  = {Título do trabalho},
  note   = {Manuscrito aceito para publicação},
  address  = {Rio de Janeiro},
  year   = {2025}
}
